<?xml version="1.0" encoding="UTF-8"?><record xmlns="http://www.loc.gov/MARC21/slim" xmlns:cinclude="http://apache.org/cocoon/include/1.0" xmlns:zs="http://www.loc.gov/zing/srw/">
  <leader>00576nz  a2200157n  4500</leader>
  <controlfield tag="001">no2005005354</controlfield>
  <controlfield tag="003">DLC</controlfield>
  <controlfield tag="005">20050121051844.0</controlfield>
  <controlfield tag="008">050120n| acannaabn          |a aaa     c</controlfield>
  <datafield tag="010" ind1=" " ind2=" ">
    <subfield code="a">no2005005354</subfield>
  </datafield>
  <datafield tag="035" ind1=" " ind2=" ">
    <subfield code="a">(OCoLC)oca06539048</subfield>
  </datafield>
  <datafield tag="040" ind1=" " ind2=" ">
    <subfield code="a">PSt</subfield>
    <subfield code="b">eng</subfield>
    <subfield code="c">PSt</subfield>
  </datafield>
  <datafield tag="100" ind1="1" ind2=" ">
    <subfield code="a">Salkeld, Blanaid,</subfield>
    <subfield code="d">1880-1959</subfield>
  </datafield>
  <datafield tag="400" ind1="1" ind2=" ">
    <subfield code="a">Byrne, Nell,</subfield>
    <subfield code="d">1880-1959</subfield>
  </datafield>
  <datafield tag="670" ind1=" " ind2=" ">
    <subfield code="a">Blanaid Salkeld letters and poem typescripts, 1936-1937</subfield>
    <subfield code="b">(Blanaid Salkeld)</subfield>
  </datafield>
  <datafield tag="670" ind1=" " ind2=" ">
    <subfield code="a">Dict. of Irish lit., 1979</subfield>
    <subfield code="b">(Blanaid Salkeld; b. India, Aug. 10 1880; d. Dublin, 1959; poet, actress; stage name at Abbey Theatre Nell Byrne)</subfield>
  </datafield>
</record>